<collection xmlns="http://www.loc.gov/MARC21/slim">
<record>
  <leader>03336nam0a22005291i 450 </leader>
  <controlfield tag="001">IT\ICCU\CNCE\029464</controlfield>
  <controlfield tag="005">20030407000000.0</controlfield>
  <datafield tag="012" ind1=" " ind2=" ">
    <subfield code="a">o-u- eqia nea- trRe (3) 1536 (R)</subfield>
    <subfield code="2">fei</subfield>
  </datafield>
  <datafield tag="100" ind1=" " ind2=" ">
    <subfield code="a">19971119d1536        0itac0103    ba</subfield>
  </datafield>
  <datafield tag="101" ind1=" " ind2=" ">
    <subfield code="a">LAT</subfield>
  </datafield>
  <datafield tag="102" ind1=" " ind2=" ">
    <subfield code="a">IT</subfield>
  </datafield>
  <datafield tag="200" ind1="1" ind2=" ">
    <subfield code="a">Moralis philosophie platonice dispositio: per Reverendum Philosophiae, ac sacrae Theologiae, ordinisque praedicatorum prouinciae Lombardiae professorem, Chrysostomum Iauellum Canapicium, nuper edita, &amp; nunc primo impressa</subfield>
  </datafield>
  <datafield tag="210" ind1=" " ind2=" ">
    <subfield code="a">Venetiis</subfield>
    <subfield code="c">\Andrea Arrivabene!</subfield>
    <subfield code="d">1536</subfield>
    <subfield code="e">\Venezia!</subfield>
    <subfield code="g">in officina Aurelij Pincij Veneti</subfield>
  </datafield>
  <datafield tag="215" ind1=" " ind2=" ">
    <subfield code="a">72, \5!, 74-153 \i.e. 143!, \5! c.</subfield>
    <subfield code="d">4ʻ</subfield>
  </datafield>
  <datafield tag="300" ind1=" " ind2=" ">
    <subfield code="a">A c. K1 altro front.: Ciuilis philosophie ad mentem Platonis dispositio per reuerendum patrem fratrem Chrysostomum Iavellum ... edita &amp; impressa. Venetiis 1536</subfield>
  </datafield>
  <datafield tag="423" ind1=" " ind2="0">
    <subfield code="1">001IT\ICCU\CNCE\052035</subfield>
    <subfield code="1">2001 </subfield>
    <subfield code="a">Ciuilis philosophie ad mentem Platonis dispositio per reuerendum patrem fratrem Chrysostomum Iavellum ... edita &amp; impressa.</subfield>
  </datafield>
  <datafield tag="620" ind1=" " ind2=" ">
    <subfield code="a">IT</subfield>
    <subfield code="d">Venezia</subfield>
  </datafield>
  <datafield tag="700" ind1=" " ind2="1">
    <subfield code="a">Javelli,</subfield>
    <subfield code="b">Giovanni Crisostomo</subfield>
    <subfield code="3">IT\ICCU\CNCA\006969</subfield>
  </datafield>
  <datafield tag="712" ind1="0" ind2="0">
    <subfield code="a">Arrivabene, Andrea</subfield>
    <subfield code="3">IT\ICCU\CNCT\000103</subfield>
    <subfield code="4">650</subfield>
  </datafield>
  <datafield tag="712" ind1="0" ind2="0">
    <subfield code="a">Pinzi, Aurelio</subfield>
    <subfield code="3">IT\ICCU\CNCT\000792</subfield>
    <subfield code="4">650</subfield>
  </datafield>
  <datafield tag="790" ind1=" " ind2="1">
    <subfield code="a">Iavellus,</subfield>
    <subfield code="b">Chrysostomus</subfield>
    <subfield code="3">IT\ICCU\CNCA\013134</subfield>
    <subfield code="z">Javelli, Giovanni Crisostomo</subfield>
  </datafield>
  <datafield tag="790" ind1=" " ind2="1">
    <subfield code="a">Giavelli,</subfield>
    <subfield code="b">Giovanni Crisostomo</subfield>
    <subfield code="3">IT\ICCU\CNCA\014150</subfield>
    <subfield code="z">Javelli, Giovanni Crisostomo</subfield>
  </datafield>
  <datafield tag="790" ind1=" " ind2="1">
    <subfield code="a">Iavelli,</subfield>
    <subfield code="b">Crisostomo</subfield>
    <subfield code="3">IT\ICCU\CNCA\020034</subfield>
    <subfield code="z">Javelli, Giovanni Crisostomo</subfield>
  </datafield>
  <datafield tag="791" ind1="0" ind2="2">
    <subfield code="a">℗Al segno del ℗Pozzo</subfield>
    <subfield code="3">IT\ICCU\CNCT\003058</subfield>
    <subfield code="z">Arrivabene, Andrea</subfield>
  </datafield>
  <datafield tag="791" ind1="0" ind2="0">
    <subfield code="a">Arrivabenus, Andreas</subfield>
    <subfield code="3">IT\ICCU\CNCT\004259</subfield>
    <subfield code="z">Arrivabene, Andrea</subfield>
  </datafield>
  <datafield tag="791" ind1="0" ind2="0">
    <subfield code="a">Rivabenus, Andreas</subfield>
    <subfield code="3">IT\ICCU\CNCT\004260</subfield>
    <subfield code="z">Arrivabene, Andrea</subfield>
  </datafield>
  <datafield tag="791" ind1="0" ind2="0">
    <subfield code="a">Pintius, Aurelius</subfield>
    <subfield code="3">IT\ICCU\CNCT\002521</subfield>
    <subfield code="z">Pinzi, Aurelio</subfield>
  </datafield>
  <datafield tag="791" ind1="0" ind2="0">
    <subfield code="a">Pincius, Aurelius</subfield>
    <subfield code="3">IT\ICCU\CNCT\004045</subfield>
    <subfield code="z">Pinzi, Aurelio</subfield>
  </datafield>
  <datafield tag="791" ind1="0" ind2="0">
    <subfield code="a">Pincio, Aurelio</subfield>
    <subfield code="3">IT\ICCU\CNCT\005434</subfield>
    <subfield code="z">Pinzi, Aurelio</subfield>
  </datafield>
  <datafield tag="801" ind1=" " ind2="3">
    <subfield code="a">IT</subfield>
    <subfield code="b">ICCU</subfield>
    <subfield code="c">20201114</subfield>
  </datafield>
  <datafield tag="899" ind1=" " ind2=" ">
    <subfield code="a">Biblioteca provinciale Salvatore Tommasi. Bazzano</subfield>
    <subfield code="1">AQ0047</subfield>
    <subfield code="2">ABR PR</subfield>
  </datafield>
  <datafield tag="899" ind1=" " ind2=" ">
    <subfield code="a">Biblioteca civica A. Mai. Bergamo</subfield>
    <subfield code="1">BG0026</subfield>
    <subfield code="2">LO1 02</subfield>
  </datafield>
  <datafield tag="899" ind1=" " ind2=" ">
    <subfield code="a">Biblioteca provinciale Angelo Camillo De Meis. Chieti</subfield>
    <subfield code="z">MUTILO</subfield>
    <subfield code="1">CH0020</subfield>
    <subfield code="2">ABR ME</subfield>
  </datafield>
  <datafield tag="899" ind1=" " ind2=" ">
    <subfield code="a">Biblioteca Charitas della Basilica di S. Francesco. Paola</subfield>
    <subfield code="z">MUTILO</subfield>
    <subfield code="1">CS0080</subfield>
    <subfield code="2">CSA PS</subfield>
  </datafield>
  <datafield tag="899" ind1=" " ind2=" ">
    <subfield code="a">Pontificia Biblioteca Antoniana. Padova</subfield>
    <subfield code="1">EX0020</subfield>
    <subfield code="2">PUV 78</subfield>
  </datafield>
  <datafield tag="899" ind1=" " ind2=" ">
    <subfield code="a">Biblioteca regionale universitaria. Messina</subfield>
    <subfield code="1">ME0050</subfield>
    <subfield code="2">PAL BM</subfield>
  </datafield>
  <datafield tag="899" ind1=" " ind2=" ">
    <subfield code="a">Biblioteca comunale Teresiana. Mantova</subfield>
    <subfield code="1">MN0035</subfield>
    <subfield code="2">LO1 12</subfield>
  </datafield>
  <datafield tag="899" ind1=" " ind2=" ">
    <subfield code="a">Biblioteca comunale. Assisi</subfield>
    <subfield code="1">PG0001</subfield>
    <subfield code="2">UM1 10</subfield>
  </datafield>
  <datafield tag="899" ind1=" " ind2=" ">
    <subfield code="a">Biblioteca comunale Sperelliana. Gubbio</subfield>
    <subfield code="z">MUTILO</subfield>
    <subfield code="1">PG0049</subfield>
    <subfield code="2">UM1 11</subfield>
  </datafield>
  <datafield tag="899" ind1=" " ind2=" ">
    <subfield code="a">Biblioteca Oliveriana. Pesaro</subfield>
    <subfield code="1">PU0061</subfield>
    <subfield code="2">URB OL</subfield>
  </datafield>
  <datafield tag="899" ind1=" " ind2=" ">
    <subfield code="a">Biblioteca nazionale centrale. Roma</subfield>
    <subfield code="1">RM0267</subfield>
    <subfield code="2">BVE CR</subfield>
  </datafield>
  <datafield tag="899" ind1=" " ind2=" ">
    <subfield code="a">Biblioteca Angelica. Roma</subfield>
    <subfield code="1">RM0290</subfield>
    <subfield code="2">RML 06</subfield>
  </datafield>
  <datafield tag="899" ind1=" " ind2=" ">
    <subfield code="a">Biblioteca Casanatense. Roma</subfield>
    <subfield code="1">RM0313</subfield>
    <subfield code="2">RML 07</subfield>
  </datafield>
  <datafield tag="899" ind1=" " ind2=" ">
    <subfield code="a">Biblioteca Reale. Torino</subfield>
    <subfield code="z">MUTILO</subfield>
    <subfield code="1">TO0263</subfield>
    <subfield code="2">TO0 07</subfield>
  </datafield>
  <datafield tag="899" ind1=" " ind2=" ">
    <subfield code="a">Biblioteca comunale. Treviso</subfield>
    <subfield code="z">MUTILO</subfield>
    <subfield code="1">TV0114</subfield>
    <subfield code="2">VIA CT</subfield>
  </datafield>
  <datafield tag="911" ind1=" " ind2=" ">
    <subfield code="a">sui front.</subfield>
    <subfield code="9">IT\ICCU\CNCM\000283</subfield>
  </datafield>
  <datafield tag="921" ind1=" " ind2=" ">
    <subfield code="a">IT\ICCU\CNCM\000283</subfield>
    <subfield code="b">Samaritana al pozzo offre da bere a Ges.̮</subfield>
    <subfield code="e">1) Qui biberit ex hac aqua, non sitiet in aeternum. 2) Chi bera di questa aqua, non havera sete in eterno</subfield>
    <subfield code="c">V260</subfield>
    <subfield code="c">Z980</subfield>
    <subfield code="d">Dimensioni: 4 x 4</subfield>
    <subfield code="f">GESU</subfield>
    <subfield code="f">POZZO</subfield>
    <subfield code="f">QUIBIBERIT</subfield>
    <subfield code="f">SAMARITANA</subfield>
    <subfield code="g">1535-1556</subfield>
  </datafield>
</record>
</collection>
